@string{aaai = {AAAI}} % Conference on Artificial Intelligence, {AAAI}
@string{asplos = {ASPLOS}} %ACM International Conference on Architectural Support for Programming Languages and Operating Systems
@string{ase = {ASE}} %{ACM/IEEE} International Conference on Automated Software Engineering
@string{cacm = {Comm. ACM}}
@string{cav = {CAV}}
@string{cc = {CC}} % sigplan symposium on compiler construction
@string{cdc = {CDC}} % {IEEE Conference on Decision and Control (CDC)}
@string{chi = {CHI}} % {CHI} Conference on Human Factors in Computing Systems
@string{dac = {Conf. Design Auto.}}
@string{dls = {DLS}} %{"Dynamic Languages Symposium"}
@string{ecoop = {ECOOP}} %{{European Conference on Object-Oriented Programming}}
@string{esop = {ESOP}} %{{European Symposium on Programming}}
@string{flops = {FLOPS}} %{Functional and Logic Programming}
@string{fase = {FASE}}
@string{fmcad = {FMCAD}}
@string{fpca = {FPCA}} % Functional Programming Languages and Computer Architecture
@string{fse = {FSE}} %{"{ACM SIGSOFT} International Symposium on the Foundations of Software Engineering"}
@string{hosc = {HOSC}} %{Higher-order and symbolic computation}
@string{icalp = {ICALP}} % ....
@string{icfp = {ICFP}} %{{{ACM SIGPLAN} International Conference on Functional Programming}}
@string{icml = {ICML}} % International Conference on Machine Learning
@string{icpc = {ICPC}} %{{International Conference on Program Comprehension}}
@string{icse = {ICSE}} %{{International Conference on Software Engineering}}
@string{icer = {ICER}} % {International Computing Education Research Workshop, {ICER}}
@string{ifl = {IFL}} % International Symposium ... Functional and Logic Programming
@string{ifip = {IFIP}}
@string{icra = {ICRA}}
@string{iros = {IROS}}
@string{iticse = {ITiCSE}}
@string{jcss = {Journal of Computer and System Sciences}}
@string{jecr = {Journal of Educational Computing Research}}
@string{jfp= {JFP}} %{{Journal of Functional Programming}}
@string{jvlc = {J. Vis. Lang. Comput.}}
@string{lfp = {LFP}} %{{{LISP} and functional programming}}
@string{lsc = {{LISP} Symb. Comput.}}
@string{lics = {LICS}}
@string{mit-press  = "{MIT} Press"}
@string{neurips = {NeurIPS}}
@string{onward = {Onward!}} %{{Symposium on New ideas, new paradigms, and reflections on programming and software (Onward!)}}
@string{oopsla = {OOPSLA}} %{{ACM SIGPLAN Conference on Object-Oriented Programming Systems, Languages and Applications}}
@string{pacmpl = {PACMPL}}
@string{padl = {PADL}} %(string-append Symposium "on Practical Aspects of Declarative Languages")
@string{pepm = {PEPM}} %{{{ACM SIGPLAN} Workshop on Partial Evaluation and Semantics-Based Program Manipulation}}
@string{pldi = {PLDI}}
@string{popl = {POPL}} %{{{ACM SIGPLAN} Symposium on Principles of Programming Languages}}
@string{programming = {Art Sci. Eng. Program.}}
@string{sac = {SAC}} %{{{ACM} Symposium on Applied Computing}}
@string{scp = {Science of Computer Programming}}
@string{tphols = {TPHOLs}} % Theorem Proving in Higher Order Logics
@string{tsmcc = {{IEEE} Trans. Syst. Man Cybern.}}
@string{sigcse = {Special Interest Group on Computer Science Education}}
@string{sigmod = {SIGMOD}}
@string{sigsoft = {SIGSOFT}}
@string{snapl = {SNAPL}} %{"Summit on Advances in Programming Languages"}
@string{tacas = {TACAS}}
@string{tchi = {ACM Trans. Comput.-Hum. Interact.}}
@string{toce = {ACM Transactions on Computing Education}}
@string{tose = {{IEEE} Trans. Soft. Eng.}}
@string{toplas = {TOPLAS}} %{{ACM} Transactions on Programming Languages and Systems}}
@string{tosem = {{IEEE} Trans. Software Eng.}}
@string{vlhcc = {Visual Languages and Human Centric Computing}}
@string{vmil = {VMIL}} % virtual machines ... oopsla workshop

@book{j-alloy-2012,
  author="Daniel Jackson",
  title="Software Abstractions: Logic, Language, and Analysis",
  publisher=mit-press,
  edition={2},
  year=2012}

@book{h-spin-2003,
  author="Gerard J. Holzmann",
  title="The {Spin} Model Checker: Primer and Reference Manual",
  publisher="Addison-Wesley",
  year=2003}

@book{ef-psl-2006,
  author    = {Cindy Eisner and Dana Fisman},
  title     = {A Practical Introduction to {PSL}},
  publisher = {Springer},
  year      = {2006}
}

@book{ng-1984,
  author={Novak, J. D. and Gowin, D. B.},
  title={Learning how to learn},
  publisher={Cambridge University Press},
  year={1984}
}

@book{nrc-1997,
  title={Science Teaching Reconsidered: A Handbook},
  author={National Research Council},
  year={1997},
  publisher={National Academies Press}
}

@book{sg-grounded-1967,
   author={Glaser, B. and Strauss, A.},
   title={The Discovery of Grounded Theory: Strategies for Qualitative Research},
   publisher={Sociology Press},
   year=1967}

@book{cm-prolog-1984,
  title={Programming in {Prolog}},
  author={Clocksin, W. F. and Mellish, C. S.},
  publisher={Springer--Verlag},
  edition={2},
  year=1984}

@book{w:adv-r,
  title="Advanced {R}",
  author="Hadley Wickham",
  publisher="Chapman and Hall/CRC",
  year=2014}

@online{expbench,
  author={Will Crichton and Scott Kovach and Gleb Shevchuk},
  title={Expressiveness Benchmark},
  note={Accessed 2021-09-12},
  url={https://willcrichton.net/expressiveness-benchmark}
}

@online{7guis,
  author={Eugen Kiss},
  title={{7GUIs}: A {GUI} Programming Benchmark},
  note={Accessed 2021-09-12},
  url={https://eugenkiss.github.io/7guis/more}
}

@online{r-lang,
  author={{R} Developers},
  title={{R}: The {R} Project for Statistical Computing},
  note={Accessed 2021-05-26},
  url={https://www.r-project.org}
}

@online{subtext-lang,
  author={Jonathan Edwards},
  title={Subtext: uncovering the simplicity of programming},
  note={Accessed 2021-08-25},
  url={http://www.subtext-lang.org/}
}

@online{tidyverse,
  author={{Tidyverse}},
  title={{Tidyverse}: {R} packages for data science},
  note={Accessed 2021-05-26},
  url={https://www.tidyverse.org}
}

@software{pandas,
    author       = {The {pandas} development team},
    title        = {{pandas-dev/pandas}: Pandas},
    month        = feb,
    year         = 2020,
    publisher    = {Zenodo},
    version      = {latest},
    url          = {https://doi.org/10.5281/zenodo.3509134}
}

@online{mysql,
    author       = {{MySQL} developers},
    title        = {{MySQL} 8.0 Reference Manual},
    note={Accessed 2021-05-26},
    url          = {https://dev.mysql.com/doc/refman/8.0/en/}
}

@online{postgres,
    author       = {{Postgres} developers},
    title        = {{Postgres} 13.3 Documentation},
    note={Accessed 2021-05-28},
    url          = {https://www.postgresql.org/docs/13/index.html}
}

@online{cs111-tables,
  author={{Brown CS111} course staff},
  title={Tables Functions Documentation},
  note={Accessed 2021-05-26},
  url={https://hackmd.io/@cs111/table}
}

@online{cs111-home,
  author={{Brown CS111} course staff},
  title={{CSCI 0111} Computing Foundations: Data},
  note={Accessed 2021-05-26},
  url={https://cs.brown.edu/courses/csci0111/}
}

@online{bootstrap:data-science,
  author={{Bootstrap Community}},
  title={{Bootstrap:Data Science}},
  note={Accessed 2021-05-26},
  url={https://www.bootstrapworld.org/materials/data-science/}
}

@InProceedings{mckinney-proc-scipy-2010,
  author    = { {W}es {M}c{K}inney },
  title     = { {D}ata {S}tructures for {S}tatistical {C}omputing in {P}ython },
  booktitle = { {P}roceedings of the 9th {P}ython in {S}cience {C}onference },
  pages     = { 56 - 61 },
  year      = { 2010 },
  editor    = { {S}t\'efan van der {W}alt and {J}arrod {M}illman },
  doi       = { 10.25080/Majora-92bf1922-00a }
}


@online{xkcd-jellybean,
  author={{xkcd}},
  title={Significant},
  note={Accessed 2021-05-13},
  url={https://xkcd.com/882}
}

@online{typescript,
  author={{T}ype{S}cript {D}evelopers},
  title={{T}ype{S}cript},
  note={Accessed 2021-05-18},
  url={https://www.typescriptlang.org}
}

@online{ts-keyof,
  author={{T}ype{S}cript {D}evelopers},
  title={{Keyof} Type Operator},
  note={Accessed 2021-05-25},
  url={https://www.typescriptlang.org/docs/handbook/2/keyof-types.html}
}

@phdthesis{v-thesis-2019,
 author = {Vitousek, Michael M.},
 title = {Gradual Typing for Python, Unguarded},
 school = {{I}ndiana {U}niversity},
 year = {2019},
}

@phdthesis{g-dissertation-1998,
  author    = {Benedict R. Gaster},
  title     = {Records, variants and qualified types},
  school    = {University of Nottingham, {UK}},
  year      = {1998}
}

@phdthesis{s-dissertation-2021,
  title={Query Strategies for Directed Graphical Models and their Application to Adaptive Testing},
  author={Sam Saarinen},
  year={2021},
  school={{Brown University}}
}

@phdthesis{m-dissertation-2013,
  title={Missing Data in the Relational Model},
  author={Marion R. Morrissett},
  year={2013},
  school={{University of Virginia}}
}

@phdthesis{v-dissertation-2016,
  title={{Liquid Haskell}: {Haskell} as a theorem prover},
  author={Vazou, Niki},
  year={2016},
  school={{UC San Diego}}
}

@phdthesis{b-dissertation-2019,
  title={{Typed Clojure} in Theory and Practice},
  author={Ambrose Bonnaire--Sergeant},
  year={2019},
  school={{Indiana University}}
}

@article{gmvvwdc-arxiv-2020,
  author    = {Timnit Gebru and Jamie Morgenstern and Briana Vecchione and Jennifer Wortman Vaughan and Hanna M. Wallach and Hal {Daum{\'{e}} III} and Kate Crawford},
  title     = {Datasheets for Datasets},
  journal   = {CoRR},
  volume    = {abs/1803.09010},
  year      = {2018},
  url       = {http://arxiv.org/abs/1803.09010}
}

@inproceedings{p-ecoop-2017,
  author={Thomas Petricek},
  title={Data Exploration Through Dot-Driven Development},
  booktitle=ecoop,
  pages={21:1--21:27},
  year={2017}
}

@article{p-programming-2020,
  author    = {Tomas Petricek},
  title     = {Foundations of a live data exploration environment},
  journal   = programming,
  volume    = {4},
  number    = {3(8)},
  pages     = {1--37},
  year      = {2020}
}

@article{m-cacm-2011,
author = {Meijer, Erik},
title = {The World According to {LINQ}},
year = {2011},
volume = {54},
number = {10},
journal = cacm,
pages = {45–51}
}

@article{ovch-popl-2019,
  author    = {Cyrus Omar and
               Ian Voysey and
               Ravi Chugh and
               Hammer, Matthew A.},
  title     = {Live functional programming with typed holes},
  journal   = pacmpl,
  volume    = {3},
  number    = popl,
  pages     = {14:1--14:32},
  year      = {2019}
}

@article{abf-oopsla-2020,
  author    = {Leif Andersen and
               Michael Ballantyne and
               Matthias Felleisen},
  title     = {Adding Tnteractive Visual Syntax to Textual Code},
  journal   = pacmpl,
  volume    = {4},
  number    = oopsla,
  pages     = {222:1--222:28},
  year      = {2020}
}

@article{lp-lisp-1995,
  author    = {John Launchbury and
               Peyton Jones, Simon L.},
  title     = {State in Haskell},
  journal   = lsc,
  volume    = {8},
  number    = {4},
  pages     = {293--341},
  year      = {1995}
}

@article{kf-cacm-2020,
author = {Shriram Krishnamurthi and Kathi Fisler},
title = {Data-Centricity: A Challenge and Opportunity for Computing Education},
year = {2020},
volume = {63},
number = {8},
journal = cacm,
pages = {24–26}
}

@online{julia-tables,
  author={{JuliaData}},
  title={{DataTables.jl}},
  note={Accessed 2021-05-15},
  url={https://github.com/JuliaData/DataTables.jl}
}

@online{julia-frames,
  author={{JuliaData}},
  title={{DataFrames.jl}},
  note={Accessed 2021-05-15},
  url={https://github.com/JuliaData/DataFrames.jl}
}

@online{join-gencolumn,
  author={{bkamins}},
  title={Handling of duplicate column names by join},
  note={Accessed 2021-05-15},
  url={https://github.com/JuliaData/DataFrames.jl/issues/1333}
}

@techreport{j-tr-1998,
    author = {Jay, C. B.},
    title = {The {FISh} language definition},
    institution = {University of Technology, Sydney},
    year = {1998}
}

@inproceedings{wngs-vlhcc-2020,
  author    = {Jack Williams and
               Carina Negreanu and
               Gordon, Andrew D. and
               Advait Sarkar},
  title     = {Understanding and Inferring Units in Spreadsheets},
  booktitle = vlhcc,
  pages     = {1--9},
  year      = {2020}
}

@article{ce-jvlc-2010,
  author    = {Chris Chambers and
               Martin Erwig},
  title     = {Reasoning about spreadsheets with labels and dimensions},
  journal   = jvlc,
  volume    = {21},
  number    = {5},
  pages     = {249--262},
  year      = {2010}
}

@inproceedings{asknf-icse-2004,
  author    = {Tudor Antoniu and
               Steckler, Paul A. and
               Shriram Krishnamurthi and
               Erich Neuwirth and
               Matthias Felleisen},
  title     = {Validating the Unit Correctness of Spreadsheet Programs},
  booktitle = icse,
  pages     = {439--448},
  year      = {2004}
}

@inproceedings{vbj-icfp-2015,
  author    = {Niki Vazou and
               Alexander Bakst and
               Ranjit Jhala},
  title     = {Bounded refinement types},
  booktitle = icfp,
  pages     = {48--61},
  year      = {2015}
}

@inproceedings{kgvfv-pldi-2019,
  author    = {Milod Kazerounian and
               Guria, Sankha Narayan and
               Niki Vazou and
               Foster, Jeffrey S. and
               David Van Horn},
  title     = {Type-level computations for {Ruby} libraries},
  booktitle = pldi,
  pages     = {966--979},
  year      = {2019}
}

@inproceedings{sbtmp-ddfp-2013,
  author    = {Don Syme and
               Keith Battocchi and
               Kenji Takeda and
               Donna Malayeri and
               Tomas Petricek},
  title     = {Themes in information-rich functional programming for internet-scale
               data sources},
  booktitle = {{DDFP}},
  pages     = {1--4},
  year      = {2013}
}

@article{tg-jlamp-2009,
  author    = {Kai Trojahner and
               Clemens Grelck},
  title     = {Dependently typed array programs don't go wrong},
  journal   = {J. Log. Alg. Meth. Program.},
  volume    = {78},
  number    = {7},
  pages     = {643--664},
  year      = {2009}
}

@inproceedings{ssm-esop-2014,
  author    = {Justin Slepak and
               Olin Shivers and
               Panagiotis Manolios},
  title     = {An Array-Oriented Language with Static Rank Polymorphism},
  booktitle = esop,
  pages     = {27--46},
  year      = {2014}
}

@online{j-lang,
  author={{Jsoftware, Inc}},
  title={The {J} Programming Language},
  note={Accessed 2021-05-25},
  url={https://www.jsoftware.com}
}

@inproceedings{gmrs-sigmod-2009,
  author    = {Torsten Grust and
               Manuel Mayr and
               Jan Rittinger and
               Tom Schreiber},
  title     = {{FERRY:} database-supported program execution},
  booktitle = sigmod,
  pages     = {1063--1066},
  year      = {2009}
}

@inproceedings{ou-icfp-2011,
  author    = {Atsushi Ohori and
               Katsuhiro Ueno},
  title     = {Making standard {ML} a practical database programming language},
  booktitle = icfp,
  pages     = {307--319},
  year      = {2011}
}

@article{bo-tds-1996,
  author    = {Peter Buneman and
               Atsushi Ohori},
  title     = {Polymorphism and Type Inference in Database Programming},
  journal   = {{ACM} Trans. Database Syst.},
  volume    = {21},
  number    = {1},
  pages     = {30--76},
  year      = {1996}
}

@inproceedings{c-pldi-2010,
  author    = {Adam Chlipala},
  title     = {{Ur}: statically-typed metaprogramming with type-level record computation},
  booktitle = pldi,
  pages     = {122--133},
  year      = {2010}
}

@article{w-ic-1991,
  author    = {Mitchell Wand},
  title     = {Type Inference for Record Concatenation and Multiple Inheritance},
  journal   = {Inf. Comput.},
  volume    = {93},
  number    = {1},
  pages     = {1--15},
  year      = {1991}
}

@inproceedings{r-popl-1989,
  author    = {Didier R{\'{e}}my},
  title     = {Typechecking Records and Variants in a Natural Extension of {ML}},
  booktitle = popl,
  pages     = {77--88},
  year      = {1989}
}

@inproceedings{w-lics-1989,
  author    = {Mitchell Wand},
  title     = {Type Inference for Record Concatenation and Multiple Inheritance},
  booktitle = lics,
  pages     = {92--97},
  year      = {1989}
}

@inproceedings{hp-popl-1991,
  author    = {Robert Harper and
               Pierce, Benjamin C.},
  title     = {A Record Calculus Based on Symmetric Concatenation},
  booktitle = popl,
  pages     = {131--142},
  year      = {1991}
}

@article{mm-popl-2019,
  author    = {Morris, J. Garrett and
               James McKinna},
  title     = {Abstracting extensible data types: or, rows by any other name},
  journal   = pacmpl,
  volume    = {3},
  number    = popl,
  pages     = {12:1--12:28},
  year      = {2019}
}

@online{linq-enumerable,
  author={{LINQ} developers},
  title={{Enumerable.Aggregate Method}},
  note={Accessed 2021-05-26},
  url={https://docs.microsoft.com/en-us/dotnet/api/system.linq.enumerable.aggregate?view=net-5.0}
}

@inproceedings{ktbr-fase-2020,
  author    = {Raffi Khatchadourian and
               Yiming Tang and
               Mehdi Bagherzadeh and
               Baishakhi Ray},
  title     = {An Empirical Study on the Use and Misuse of {Java 8} Streams},
  booktitle = fase,
  pages     = {97--118},
  year      = {2020}
}

@article{sjw-jfp-2018,
  author    = {Seidel, Eric L. and
               Ranjit Jhala and
               Westley Weimer},
  title     = {Dynamic witnesses for static type errors (or, Ill-Typed Programs Usually
               Go Wrong)},
  journal   = jfp,
  volume    = {28},
  pages     = {e13},
  year      = {2018}
}

@inproceedings{w-popl-1986,
  author    = {Mitchell Wand},
  title     = {Finding the Source of Type Errors},
  booktitle = popl,
  pages     = {38--43},
  year      = {1986}
}

@inproceedings{lfgc-pldi-2007,
  author    = {Lerner, Benjamin S. and
               Matthew Flower and
               Dan Grossman and
               Craig Chambers},
  title     = {Searching for type-error messages},
  booktitle = pldi,
  pages     = {425--434},
  year      = {2007}
}

@incollection{g-book-1984,
  title={Problems of monetary management: the {UK} experience},
  author={Goodhart, Charles A. E.},
  booktitle={Monetary theory and practice},
  pages={91--121},
  year={1984},
  publisher={Springer}
}

@article{s-er-1997,
  title={‘Improving ratings’: audit in the {British University} system},
  author={Strathern, Marilyn},
  journal={European review},
  volume={5},
  number={3},
  pages={305--321},
  year={1997}
}

@inproceedings{bdpbbhkkmopp-wgr-2019,
author = {Becker, Brett A. and Denny, Paul and Pettit, Raymond and Bouchard, Durell and Bouvier, Dennis J. and Harrington, Brian and Kamil, Amir and Karkare, Amey and McDonald, Chris and Osera, Peter-Michael and Pearce, Janice L. and Prather, James},
title = {Compiler Error Messages Considered Unhelpful: The Landscape of Text-Based Programming Error Message Research},
year = {2019},
booktitle = {ITiCSE-WGR},
pages = {177–210}
}

@article{t-ahci-2010,
  author={Traver, V. Javier},
  title={On Compiler Error Messages: What They Say and What They Mean},
  journal={Adv. in HCI},
  volume={2010},
  pages={602570:1--602570:26},
  year={2010}
}

@inproceedings{bpm-plateau-2017,
  author={Titus Barik and Chris Parnin and Emerson Murphy--Hill},
  title={One $\lambda$ at a time: What do we know about presenting human-friendly output from a program analysis tool?},
  booktitle={PLATEAU},
  year={2017}
}

@article{wcs-ae-2002,
  author={Wogalter, Michael S. and Conzola, Vincent C. and Smith-Jackson, Tonya L.},
  title={Research-based guidelines for warning design and evaluation},
  journal={Applied Ergonomics},
  volume={33},
  year={2002}
}

@article{tr-cacm-1981,
  author    = {Tim Teitelbaum and
               Reps, Thomas W.},
  title     = {The {Cornell Program Synthesizer}: {A} Syntax-Directed Programming Environment},
  journal   = cacm,
  volume    = {24},
  number    = {9},
  pages     = {563--573},
  year      = {1981}
}

@article{mrrse-tcm-2010,
  author    = {Maloney, John H. and
               Mitchel Resnick and
               Natalie Rusk and
               Brian Silverman and
               Evelyn Eastmond},
  title     = {The {Scratch} Programming Language and Environment},
  journal   = {{ACM} Trans. Comput. Educ.},
  volume    = {10},
  number    = {4},
  pages     = {16:1--16:15},
  year      = {2010}
}

@book{elephant,
  author={Stebbins, Charles Maurice and Coolidge, Mary H.},
  title={Golden Treasury Readers: Primer},
  publisher={American Book Co.},
  year={1909},
  note={Illustrator Unknown}
}

%% -- begin cites from Brett Becker, in response to SK asking for "surveys about error messages" 2021-05-27

@inproceedings{dm-rce-1984,
  author    = {du Boulay, Benedict and Ian Matthew},
  title     = {Fatal Error in Pass Zero: How not to Confuse Novices},
  booktitle = {Read. on Cog. Erg. - Mind and Comp.},
  pages     = {132--141},
  year      = {1984}
}

@article{b-spe-1982,
  author    = {Brown, P. J.},
  title     = {'My System Gives Excellent Error Messages'-Or Does It?},
  journal   = {Softw. Pract. Exp.},
  volume    = {12},
  number    = {1},
  pages     = {91--94},
  year      = {1982}
}

@inproceedings{h-cc-1976,
  author    = {Horning, James J.},
  title     = {What the Compiler Should Tell the User},
  booktitle = {Compiler Construction, An Advanced Course, 2nd ed},
  pages     = {525--548},
  year      = {1976}
}

@article{s-cacm-1982,
  author    = {Ben Shneiderman},
  title     = {Pracniques: Designing Computer System Messages},
  journal   = cacm,
  volume    = {25},
  number    = {9},
  pages     = {610--611},
  year      = {1982}
}

@inproceedings{w-icse-1976,
  author    = {Wexelblat, Richard L.},
  title     = {Maxims for Malfeasant Designers, or How to Design Languages to Make Programming as Difficult as Possible},
  booktitle = icse,
  pages     = {331--336},
  year      = {1976},
}

@inproceedings{mc-seep-1996,
  author={McIver, L. and Conway, D.},
  title={Seven deadly sins of introductory programming language design},
  booktitle={Soft. Eng.: Education and Practice},
  volume={},
  number={},
  pages={309-316},
  year={1996}
}

%% -- end cites from BB

@inproceedings{DaCapo:paper,
  title={The {DaCapo} Benchmarks: {J}ava Benchmarking Development and Analysis},
  author={Blackburn, S. M. and Garner, R. and Hoffman, C. and Khan, A. M.  and McKinley, K. S. and Bentzur, R. and Diwan, A. and Feinberg, D.  and Frampton, D. and Guyer, S. Z. and Hirzel, M. and Hosking, A.  and Jump, M. and Lee, H. and Moss, J. E. B. and Phansalkar, A.  and Stefanovi\'{c}, D. and {VanDrunen}, T. and von~Dincklage, D.  and Wiedermann, B.},
  booktitle = oopsla,
  year = {2006},
  pages = {169--190}
}

@article{gv-oopsla-2019,
  author    = {Aviral Goel and Jan Vitek},
  title     = {On the design, implementation, and use of laziness in {R}},
  journal   = pacmpl,
  volume    = {3},
  number    = oopsla,
  pages     = {153:1--153:27},
  year      = {2019},
}

@article{w-jss-2014,
  title={Tidy data},
  author={Wickham, Hadley},
  journal={Journal of statistical software},
  volume={59},
  number={1},
  pages={1--23},
  year={2014}
}

@article{cz-tose-2020,
  author    = {Christoph Czepa and Uwe Zdun},
  title     = {On the Understandability of Temporal Properties Formalized in {Linear Temporal Logic}, {Property Specification Patterns} and {Event Processing Language}},
  journal   = tose,
  volume    = {46},
  number    = {1},
  pages     = {100--112},
  year      = {2020}
}

@article{w-nature-2011,
  title={Color blindness},
  author={Wong, Bang},
  journal={Nature Methods},
  volume={8},
  number={6},
  pages={441--442},
  year={2011}
}

@inproceedings{skft-sigcse-2019,
  author    = {Sam Saarinen and Shriram Krishnamurthi and Kathi Fisler and Tunnell Wilson, Preston},
  title     = {Harnessing the Wisdom of the Classes: Classsourcing and Machine Learning for Assessment Instrument Generation},
  booktitle = sigcse,
  pages     = {606--612},
  year      = {2019}
}

@book{v-book-1993,
  title={What Engineers Know and How They Know It},
  author={Vincenti, Walter G.},
  publisher={John Hopkins University Press},
  year=1993
}

@inproceedings{j-onward-2015,
  author    = {Daniel Jackson},
  title     = {Towards a theory of conceptual design for software},
  booktitle = onward,
  pages     = {282--296},
  year      = {2015}
}

@inproceedings{o-uist-2007,
  author    = {Dan R. Olsen Jr.},
  title     = {Evaluating user interface systems research},
  booktitle = {UIST},
  pages     = {251--258},
  year      = {2007}
}

@incollection{bg-hci-2003,
  title={Notational Systems -- the Cognitive Dimensions of Notations framework},
  author={Blackwell, Alan F. and Green, Thomas R. G.},
  booktitle={{HCI} Models, Theories, and Frameworks: Toward a Multidisciplinary Science},
  pages={103--134},
  year={2003},
  publisher={Morgan Kaufmann}
}

@inproceedings{bccm-ase-2018,
  author    = {Julien Brunel and David Chemouil and Alcino Cunha and Nuno Macedo},
  title     = {The {Electrum} analyzer: model checking relational first-order temporal specifications},
  booktitle = ase,
  pages     = {884--887},
  year      = {2018}
}

@article{kppjher-tosem-2002,
  author    = {Kitchenham, Barbara A. and Pfleeger, Shari Lawrence and Lesley Pickard and Jones, Peter W. and Hoaglin, David C. and Khaled El Emam and Rosenberg, Jarrett},
  title     = {Preliminary Guidelines for Empirical Research in Software Engineering},
  journal   = tosem,
  volume    = {28},
  number    = {8},
  pages     = {721--734},
  year      = {2002}
}

@incollection{jcp-aese-2008,
  author    = {Andreas Jedlitschka and Marcus Ciolkowski and Dietmar Pfahl},
  title     = {Reporting Experiments in Software Engineering},
  booktitle = {Guide to Advanced Empirical Software Engineering},
  pages     = {201--228},
  publisher = {Springer},
  year      = {2008}
}

@inproceedings{saw-esem-2008,
  author    = {Mikael Svahnberg and Ayb{\"{u}}ke Aurum and Claes Wohlin},
  title     = {Using students as subjects --- an empirical evaluation},
  booktitle = {ESEM},
  pages     = {288--290},
  year      = {2008}
}

@article{hrw-ese-2000,
  author    = {Martin H{\"{o}}st and Bj{\"{o}}rn Regnell and Claes Wohlin},
  title     = {Using Students as Subjects---A Comparative Study of Students and Professionals in Lead-Time Impact Assessment},
  journal   = {Empir. Softw. Eng.},
  volume    = {5},
  number    = {3},
  pages     = {201--214},
  year      = {2000}
}

@inproceedings{alvdfr-icml-2021,
  author    = {Brandon Araki and Xiao Li and Kiran Vodrahalli and DeCastro, Jonathan A. and Fry, Micah J. and Daniela Rus},
  title     = {The Logical Options Framework},
  booktitle = icml,
  volume    = {139},
  pages     = {307--317},
  year      = {2021}
}

@inproceedings{avlvdr-aaai-2020,
  author    = {Brandon Araki and Kiran Vodrahalli and Thomas Leech and Cristian Ioan Vasile and Mark Donahue and Daniela Rus},
  title     = {Deep Bayesian Nonparametric Learning of Rules and Plans from Demonstrations with a Learned Automaton Prior},
  booktitle = aaai,
  pages     = {10026--10034},
  year      = {2020}
}

@inproceedings{sksl-neurips-2018,
  author    = {Ankit Shah and Pritish Kamath and Shah, Julie A. and Shen Li},
  title     = {Bayesian Inference of Temporal Task Specifications from Demonstrations},
  booktitle = neurips,
  pages     = {3808--3817},
  year      = {2018}
}
% task = (global) and (eventual) and (order), learn formula that explains demonstrations

@inproceedings{bkv-icra-2010,
  author    = {Amit Bhatia and Kavraki, Lydia E. and Vardi, Moshe Y.},
  title     = {Sampling-based motion planning with temporal goals},
  booktitle = {{ICRA}},
  pages     = {2689--2696},
  year      = {2010}
}

@book{d-rdw-1990,
  author    = {C. J. Date},
  title     = {Relational database writings: 1985-1989},
  publisher = {Addison-Wesley},
  year      = {1990}
}

@book{c-rmdb-1990,
  author    = {E. F. Codd},
  title     = {The Relational Model for Database Management, Version 2},
  publisher = {Addison-Wesley},
  year      = {1990}
}

@book{fg-english-1965,
  title={A Dictionary of Modern English Usage},
  author={Fowler, H. W.},
  editor={Ernest Gowers},
  publisher={Oxford University Press},
  isbn={9780192813893},
  edition={2},
  year=1965}


@inproceedings{vw-lics-1986,
  author    = {Vardi, Moshe Y. and Pierre Wolper},
  title     = {An Automata-Theoretic Approach to Automatic Program Verification (Preliminary Report)},
  booktitle = lics,
  pages     = {332--344},
  year      = {1986}
}

@inproceedings{pr-popl-1989,
  author    = {Amir Pnueli and Roni Rosner},
  title     = {On the Synthesis of a Reactive Module},
  booktitle = popl,
  pages     = {179--190},
  year      = {1989}
}

@article{mw-toplas-1984,
  author    = {Zohar Manna and Pierre Wolper},
  title     = {Synthesis of Communicating Processes from Temporal Logic Specifications},
  journal   = toplas,
  volume    = {6},
  number    = {1},
  pages     = {68--93},
  year      = {1984}
}

@inproceedings{wubfr-iros-2012,
  author    = {Tichakorn Wongpiromsarn and Alphan Ulusoy and Calin Belta and Emilio Frazzoli and Daniela Rus},
  title     = {Incremental temporal logic synthesis of control policies for robots interacting with dynamic agents},
  booktitle = iros,
  pages     = {229--236},
  publisher = {{IEEE}},
  year      = {2012}
}

@inproceedings{fkp-icra-2005,
  author    = {Georgios E. Fainekos and Hadas Kress{-}Gazit and George J. Pappas},
  title     = {Temporal Logic Motion Planning for Mobile Robots},
  booktitle = icra,
  pages     = {2020--2025},
  publisher = {{IEEE}},
  year      = {2005}
}

@inproceedings{am-icer-1995,
  author    = {Marco Antoniotti and Bud Mishra},
  title     = {Discrete Events Models + Temporal Logic = Supervisory Controller: Automatic Synthesis of Locomotion Controllers},
  booktitle = icra,
  pages     = {1441--1446},
  doi={10.1109/ROBOT.1995.525480},
  year      = {1995}
}

@INPROCEEDINGS{lk-cdc-2004,
  author={Loizou, S.G. and Kyriakopoulos, K.J.},
  title={Automatic synthesis of multi-agent motion tasks based on LTL specifications},
  booktitle=cdc,
  year={2004},
  volume={1},
  number={},
  pages={153-158}
}

@article{kz-jrr-2020,
  author    = {Yiannis Kantaros and Michael M. Zavlanos},
  title     = {STyLuS\({}^{\mbox{*}}\): {A} Temporal Logic Optimal Control Synthesis Algorithm for Large-Scale Multi-Robot Systems},
  journal   = {Int. J. Robotics Res.},
  volume    = {39},
  number    = {7},
  year      = {2020}
}

@article{gk-ral-2021,
  author    = {David Gundana and Hadas Kress{-}Gazit},
  title     = {Event-Based Signal Temporal Logic Synthesis for Single and Multi-Robot Tasks},
  journal   = {{IEEE} Robotics Autom. Lett.},
  volume    = {6},
  number    = {2},
  pages     = {3687--3694},
  year      = {2021}
}

@inproceedings{lafkv-aiii-2015,
  author = {Morteza Lahijanian and Shaull Almagor and Dror Fried and Lydia Kavraki and Moshe Vardi},
  title = {This Time the Robot Settles for a Cost: A Quantitative Approach to Temporal Logic Planning with Partial Satisfaction},
  booktitle = aaai,
  year = {2015},
  pages = {3664--3671}
}

@article{kv-sttt-2003,
  author    = {Orna Kupferman and Moshe Y. Vardi},
  title     = {Vacuity detection in temporal model checking},
  journal   = {Int. J. Softw. Tools Tech. Transf.},
  volume    = {4},
  number    = {2},
  pages     = {224--233},
  year      = {2003}
}

@inproceedings{bber-cav-1997,
  author    = {Ilan Beer and Shoham Ben{-}David and Cindy Eisner and Yoav Rodeh},
  title     = {Efficient Detection of Vacuity in {ACTL} Formulas},
  booktitle = cav,
  volume    = {1254},
  pages     = {279--290},
  year      = {1997}
}

@article{h-ajp-1987,
  author={David Hestenes},
  title={Toward a modeling theory of physics instruction},
  journal={{Am. J. Phys.}},
  volume={55},
  number={5},
  pages={440--454},
  year={1987}
}

@article{hws-tpt-1992,
  title={Force concept inventory},
  author={Hestenes, David and Wells, Malcolm and Swackhamer, Gregg},
  journal={The physics teacher},
  volume={30},
  number={3},
  pages={141--158},
  year={1992}
}

@article{acys-siam-2002,
  author    = {Peter Auer and Nicol{\`{o}} Cesa{-}Bianchi and Yoav Freund and Robert E. Schapire},
  title     = {The Nonstochastic Multiarmed Bandit Problem},
  journal   = {{SIAM} J. Comput.},
  volume    = {32},
  number    = {1},
  pages     = {48--77},
  year      = {2002}
}

@article{w-is-1990,
  title={Understanding students' errors with {Prolog} unification},
  author={Van Someren, Maarten W},
  journal={Instructional Science},
  volume={19},
  number={4},
  pages={361--376},
  year={1990}
}

@inproceedings{gghhklz-sigcse-2008,
  author    = {Kenneth J. Goldman and Paul Gross and Cinda Heeren and Geoffrey L. Herman and Lisa C. Kaczmarczyk and Michael C. Loui and Craig B. Zilles},
  title     = {Identifying Important and Difficult Concepts in Introductory Computing Courses using a Delphi Process},
  booktitle = sigcse,
  pages     = {256--260},
  year      = {2008}
}

@inproceedings{dhlp-icer-2008,
  author    = {Paul Denny and John Hamer and Andrew Luxton{-}Reilly and Helen C. Purchase},
  title     = {{PeerWise}: students sharing their multiple choice questions},
  booktitle = icer,
  pages     = {51--58},
  year      = {2008}
}

@inproceedings{nka-ccs-2001,
  title={Expert blind spot: When content knowledge eclipses pedagogical content knowledge},
  author={Nathan, Mitchell J and Koedinger, Kenneth R and Alibali, Martha W and others},
  booktitle={Intl. Conf. Cog. Sci.},
  pages={644--648},
  year={2001}
}

@article{np-aer-2003,
  author = {Mitchell J. Nathan and Anthony Petrosino},
  title ={Expert Blind Spot Among Preservice Teachers},
  journal = {Amer. Educational Research J.},
  volume = {40},
  number = {4},
  pages = {905--928},
  year = {2003}
}

@inproceedings{kpeh-sigcse-2010,
  author    = {Lisa C. Kaczmarczyk and
               Elizabeth R. Petrick and
               J. Philip East and
               Geoffrey L. Herman},
  title     = {Identifying student misconceptions of programming},
  booktitle = sigcse,
  pages     = {107--111},
  year      = {2010}
}

@article{c-epm-1960,
  title={A Coefficient of Agreement for Nominal Scales},
  author={Jacob Cohen},
  journal={Educational and Psychological Measurement},
  year={1960},
  volume={20},
  pages={37--46}
}

@article{r-cs-1981,
  author    = {Phyllis Reisner},
  title     = {Human Factors Studies of Database Query Languages: {A} Survey and Assessment},
  journal   = {{ACM} Comput. Surv.},
  volume    = {13},
  number    = {1},
  pages     = {13--31},
  year      = {1981}
}

@techreport{pm-tr-1996,
  title={Usability Issues in the Design of Novice Programming Systems},
  author={Pane, John F. and Myers, Brad A.},
  institution = {Carnegie Mellon University},
  year={1996},
  number={{CMU-CS-96-132}}
}

@inproceedings{v-banff-1995,
  author    = {Moshe Y. Vardi},
  title     = {An Automata-Theoretic Approach to Linear Temporal Logic},
  booktitle = {{Banff} Workshop},
  volume    = {1043},
  pages     = {238--266},
  year      = {1995}
}

@article{pshg-se-1982,
  author={Posner, G. J. and Strike, K. A. and Hewson, P. W. and Gertzog, W. A.},
  title={Accommodation of a Scientific Conception: Toward a Theory of Conceptual Change},
  journal={{Sci. Edu.}},
  volume={66},
  number={2},
  pages={211--227},
  year={1982}
}

@article{wm-cep-2019,
  author = {Kristin M. Weingartner and Amy M. Masnick},
  title = {Refutation texts: Implying the refutation of a scientific misconception can facilitate knowledge revision},
  journal = {Contemp. Edu. Psych.},
  volume = {58},
  pages = {138--148},
  year = {2019}
}

@article{c-jese-2008,
  author={Cakir, M.},
  title={Constructivist Approaches to Learning in Science and Their Implications for Science Pedagogy:  A Literature Review},
  journal={Intl. J. Env. \& Sci. Ed.},
  volume={3},
  number={4},
  pages={193--206},
  year={2008}
}

@article{l-ijtlhe-2009,
  author={Longfield, J.},
  title={Discrepant Teaching Events:  Using an Inquiry Stance to Address Students’ Misconceptions},
  journal={Intl. J. Teach. and Learn. in Higher Ed.},
  volume={21},
  number={2},
  pages={266--271},
  year={2009}
}

@article{s-jstl-2009,
  author={Savion, L.},
  title={Clinging to discredited beliefs:  The larger cognitive story},
  journal={J. Schol. of Teach. and Learn.},
  volume={9},
  number={1},
  pages={81--92},
  year={2009}
}

@InProceedings{afggklmstvz-tacas-2002,
author="Armoni, Roy and Fix, Limor and Flaisher, Alon and Gerth, Rob and Ginsburg, Boris and Kanza, Tomer and Landver, Avner and Mador-Haim, Sela and Singerman, Eli and Tiemeyer, Andreas and Vardi, Moshe Y.  and Zbar, Yael",
title="The {ForSpec} Temporal Logic: A New Temporal Property-Specification Language",
booktitle=tacas,
year="2002",
pages="296--311"
}

@inproceedings{bb-dac-1994,
  author    = {Derek L. Beatty and Randal E. Bryant},
  title     = {Formally Verifying a Microprocessor Using a Simulation Methodology},
  booktitle = dac,
  pages     = {596--602},
  year      = {1994}
}

@inproceedings{bbefgr-cav-2001,
author = {Beer, Ilan and Ben-David, Shoham and Eisner, Cindy and Fisman, Dana and Gringauze, Anna and Rodeh, Yoav},
title = {The Temporal Logic {Sugar}},
booktitle = cav,
pages = {363--367},
year = {2001}
}

@INPROCEEDINGS{cs-memocode-2007,
  author    = {Hana Chockler and Ofer Strichman},
  title     = {Easier and More Informative Vacuity Checks},
  booktitle = {{MEMOCODE}},
  pages     = {189--198},
  year      = {2007}
}

@inproceedings{ce-lop-1981,
  author    = {Edmund M. Clarke and E. Allen Emerson},
  title     = {Design and Synthesis of Synchronization Skeletons Using Branching-Time Temporal Logic},
  booktitle = {Logics of Programs},
  volume    = {131},
  pages     = {52--71},
  year      = {1981}
}

@inproceedings{dac-icse-1999,
  author    = {Matthew B. Dwyer and
               George S. Avrunin and
               James C. Corbett},
  title     = {Patterns in Property Specifications for Finite-State Verification},
  booktitle = icse,
  pages     = {411--420},
  year      = {1999}
}

@inproceedings{fksv-hvc-2009,
  author    = {Dana Fisman and Orna Kupferman and Sarai Sheinvald{-}Faragy and Moshe Y. Vardi},
  title     = {A Framework for Inherent Vacuity},
  booktitle = {{HVC}},
  volume    = {5394},
  pages     = {7--22},
  year      = {2008}
}

@inproceedings{glpsvz-iticse-2018,
  author    = {Gaetano Geck and
               Artur Ljulin and
               Sebastian Peter and
               Jonas Schmidt and
               Fabian Vehlken and
               Thomas Zeume},
  title     = {Introduction to {Iltis}: an interactive, web-based system for teaching logic},
  booktitle = iticse,
  pages     = {141--146},
  year      = {2018}
}

@inproceedings{hkhz-dac-1999,
  author    = {Yatin Vasant Hoskote and Timothy Kam and Pei{-}Hsin Ho and Xudong Zhao},
  title     = {Coverage Estimation for Symbolic Model Checking},
  booktitle = dac,
  pages     = {300--305},
  year      = {1999}
}

@inproceedings{l-ip-1983,
  author    = {Leslie Lamport},
  title     = {What Good is Temporal Logic?},
  booktitle = {Inf. Proc.},
  pages     = {657--668},
  year      = {1983}
}

@inproceedings{mr-icse-2021,
  author    = {Shahar Maoz and Ringert, Jan Oliver},
  title     = {Reactive Synthesis with {Spectra}: {A} Tutorial},
  booktitle = icse,
  pages     = {320--321},
  year      = {2021}
}

@inproceedings{n-cav-2004,
  author    = {Kedar S. Namjoshi},
  title     = {An Efficiently Checkable, Proof-Based Formulation of Vacuity in Model Checking},
  booktitle = cav,
  volume    = {3114},
  pages     = {57--69},
  year      = {2004}
}

@inproceedings{ose-fmcad-2007,
  author    = {Martin Oberk{\"{o}}nig and Martin Schickel and Hans Eveking},
  title     = {A Quantitative Completeness Analysis for Property-Sets},
  booktitle = fmcad,
  pages     = {158--161},
  year      = {2007}
}

@article{ol-toplas-1982,
author = {Owicki, Susan and Lamport, Leslie},
title = {Proving Liveness Properties of Concurrent Programs},
volume = {4},
number = {3},
journal = toplas,
pages = {455–495},
year = {1982}
}

@article{p-jecr-1982,
author = {Roy D. Pea},
title ={Language-Independent Conceptual ``Bugs'' in Novice Programming},
journal = {J. Ed. Comp. Research},
volume = {2},
number = {1},
pages = {25--36},
year = {1986}
}

@article{vw-ic-1984,
  author    = {Moshe Y. Vardi and Pierre Wolper},
  title     = {Reasoning About Infinite Computations},
  journal   = {Inf. Comput.},
  volume    = {115},
  number    = {1},
  pages     = {1--37},
  year      = {1994}
}

@incollection{ct-book-1992,
  title={Cognitive Adaptations for Social Exchange},
  author={Cosmides, Leda and Tooby, John},
  booktitle={The Adapted Mind: Evolutionary Psychology and the Generation of Culture},
  pages={163--228},
  year={1992}
}

@inproceedings{kvv-scam-2009,
  author = {Paul Klint and Tijs {van der Storm} and Jurgen J. Vinju},
  title = {{RASCAL}: A Domain Specific Language for Source Code Analysis and Manipulation},
  booktitle = {{SCAM}},
  pages = {168-177},
  year = {2009},
}

@inproceedings{nf-icse-2015,
  author    = {Sebastian Nanz and Carlo A. Furia},
  title     = {A Comparative Study of Programming Languages in Rosetta Code},
  booktitle = icse,
  pages     = {778--788},
  year      = {2015}
}

@inproceedings{l-popl-1980,
  author    = {Leslie Lamport},
  title     = {``Sometime'' is Sometimes ``Not Never'' --- On the Temporal Logic of Programs},
  booktitle = popl,
  pages     = {174--185},
  year      = {1980}
}

@article{ckkwbsam-tchi-2021,
  author = {Coblenz, Michael and Kambhatla, Gauri and Koronkevich, Paulette and Wise, Jenna L. and Barnaby, Celeste and Sunshine, Joshua and Aldrich, Jonathan and Myers, Brad A.},
  title = {{PLIERS}: A Process That Integrates User-Centered Methods into Programming Language Design},
  journal = tchi,
  volume = {28},
  number = {4},
  year = {2021}
}

@article{ybdz-jvlc-1997,
  author    = {Sherry Yang and Margaret M. Burnett and Elyon DeKoven and Mosh{\'{e}} M. Zloof},
  title     = {Representation Design Benchmarks: {A} Design-Time Aid for {VPL} Navigable Static Representations},
  journal   = jvlc,
  volume    = {8},
  number    = {5-6},
  pages     = {563--599},
  year      = {1997}
}

@inproceedings{bbdaw-chi-2012,
  author    = {Christopher Bogart and Margaret M. Burnett and Scott Douglass and Hannah Adams and Rachel White},
  title     = {Designing a debugging interaction language for cognitive modelers: an initial case study in natural programming plus},
  booktitle = chi,
  pages     = {2469--2478},
  year      = {2012}
}

@article{esvtbcghklkmppsssvvvww-clss-2015,
  author    = {Sebastian Erdweg and Tijs van der Storm and Markus V{\"{o}}lter and Laurence Tratt and Remi Bosman and William R. Cook and Albert Gerritsen and Angelo Hulshout and Steven Kelly and Alex Loh and Gabri{\"{e}}l D. P. Konat and Pedro J. Molina and Martin Palatnik and Risto Pohjonen and Eugen Schindler and Klemens Schindler and Riccardo Solmi and Vlad A. Vergu and Eelco Visser and Kevin van der Vlist and Guido Wachsmuth and Jimi van der Woning},
  title     = {Evaluating and comparing language workbenches: Existing results and benchmarks for the future},
  journal   = {Comput. Lang. Syst. Struct.},
  volume    = {44},
  pages     = {24--47},
  year      = {2015}
}

@inproceedings{abffpsvwwz-tphols-2005,
  author    = {Brian E. Aydemir and Aaron Bohannon and Matthew Fairbairn and J. Nathan Foster and Benjamin C. Pierce and Peter Sewell and Dimitrios Vytiniotis and Geoffrey Washburn and Stephanie Weirich and Steve Zdancewic},
  title     = {Mechanized Metatheory for the Masses: The {PoplMark} Challenge},
  booktitle = tphols,
  pages     = {50--65},
  year      = {2005}
}

@article{aahpmss-jfp-2019,
  author    = {Andreas Abel and Guillaume Allais and Aliya Hameer and Brigitte Pientka and Alberto Momigliano and Steven Sch{\"{a}}fer and Kathrin Stark},
  title     = {{POPLMark} reloaded: Mechanizing proofs by logical relations},
  journal   = jfp,
  volume    = {29},
  pages     = {e19},
  year      = {2019}
}

@techreport{abcghkppswy-tr-2006,
  author = {Krste Asanovic and Ras Bodik and Bryan Christopher Catanzaro and Joseph James Gebis and Parry Husbands and Kurt Keutzer and David A. Patterson and William Lester Plishker and John Shalf and Samuel Webb Williams and Katherine A. Yellick},
  title = {The Landscape of Parallel Computing Research: A View from {Berkeley}},
  institution = {University of California at Berkeley},
  number = {UCB/EECS-2006-183},
  year = {2006}
}

@inproceedings{ejt-fse-2004,
  author    = {Jonathan Edwards and Daniel Jackson and Emina Torlak},
  title     = {A Type System for Object Models},
  booktitle = fse,
  pages     = {50--65},
  year      = {2004}
}

@article{ema-tsmcc-2004,
  author    = {Yoichiro Endo and Douglas C. MacKenzie and Ronald C. Arkin},
  title     = {Usability evaluation of high-level user assistance for robot mission specification},
  journal   = tsmcc,
  volume    = {34},
  number    = {2},
  pages     = {168--180},
  year      = {2004}
}

%% maybe useful for Miscomm?
@article{sj-sigsoft-2015,
  author    = {Unnati S. Shah and Devesh C. Jinwala},
  title     = {Resolving Ambiguities in Natural Language Software Requirements: {A} Comprehensive Survey},
  journal   = sigsoft,
  volume    = {40},
  number    = {5},
  pages     = {1--7},
  year      = {2015}
}

%% plain natural language, not LTL-specific
@article{kzmb-re-2008,
  author    = {Nadzeya Kiyavitskaya and Nicola Zeni and Luisa Mich and Daniel M. Berry},
  title     = {Requirements for tools for ambiguity identification and measurement in natural language requirements specifications},
  journal   = {Requir. Eng.},
  volume    = {13},
  number    = {3},
  pages     = {207--239},
  year      = {2008}
}

@inproceedings{tf-dls-2006,
  author="Sam Tobin-Hochstadt and Matthias Felleisen",
  title="Interlanguage Migration: from Scripts to Programs",
  booktitle=dls,
  pages="964--974",
  year=2006}

@inproceedings{tf-popl-2008,
  author="Sam Tobin-Hochstadt and Matthias Felleisen",
  title="The Design and Implementation of {T}yped {S}cheme",
  booktitle=popl,
  pages="395--406",
  year=2008}

@inproceedings{tfffgksst-snapl-2017,
  author="Sam Tobin-Hochstadt and Matthias Felleisen and Robert Bruce Findler and Matthew Flatt and Ben Greenman and Andrew M. Kent and Vincent St-Amour and T. Stephen Strickland and Asumu Takikawa",
  title="Migratory Typing: Ten years later",
  booktitle=snapl,
  pages="17:1--17:17",
  year=2017
}

@inproceedings{bat-ecoop-2014,
  author="Gavin Bierman and Martin Abadi and Mads Torgersen",
  title={Understanding {TypeScript}},
  booktitle=ecoop,
  pages="257--281",
  year=2014}

@inproceedings{vss-popl-2017,
  author="Michael M. Vitousek and Cameron Swords and Jeremy G. Siek",
  title="Big Types in Little Runtime: Open-World Soundness and Collaborative Blame for Gradual Type Systems",
  booktitle=popl,
  pages="762--774",
  year=2017
}

@inproceedings{ff-icfp-2002,
  author="Robert Bruce Findler and Matthias Felleisen",
  title="Contracts for Higher-Order Functions",
  booktitle=icfp,
  pages="48--59",
  year=2002}

@article{mf-toplas-2009,
  author="Jacob Matthews and Robert Bruce Findler",
  title="Operational Semantics for Multi-Language Programs",
  journal=toplas,
  volume=31,
  number=3,
  pages="1--44",
  year=2009}

@inproceedings{aft-dls-2013,
  author="Esteban Allende and Johan Fabry and \'{E}ric Tanter",
  title="Cast Insertion Strategies for Gradually-Typed Objects",
  booktitle=dls,
  pages="27--36",
  year=2013}

@article{acftd-scp-2013,
  author="Esteban Allende and Oscar Calla\'{u} and Johan Fabry and \'{E}ric Tanter and Marcus Denker",
  title={Gradual typing for {Smalltalk}},
  journal=scp,
  volume=96,
  number=1,
  pages="52--69",
  year=2013}

@inproceedings{ddems-icse-2011,
  author="Werner Dietl and Stephanie Dietzel and Michael D. Ernst and K{\i}van\c{c} Mu\c{s}lu and Todd W. Schiller",
  title="Building and Using Pluggable Type Checkers",
  booktitle=icse,
  pages="681--690",
  year=2011}

@inproceedings{bg-oopsla-1993,
  author="Gilad Bracha and David Griswold",
  title={{Strongtalk}: Typechecking {Smalltalk} in a Production Environment},
  booktitle=oopsla,
  pages="215--230",
  year=1993}

@inproceedings{wmwz-ecoop-2017,
  author="Jack Williams and J. Garrett Morris and Philip Wadler and Jakub Zalewski",
  title={Mixed Messages: Measuring Conformance and Non-Interference in {TypeScript}},
  booktitle=ecoop,
  pages="28:1--28:29",
  year=2017
}

@inproceedings{bdt-esop-2016,
  author="Ambrose Bonnaire-Sergeant and Rowan Davies and Sam Tobin-Hochstadt",
  title={Practical Optional Types for {Clojure}},
  booktitle=esop,
  pages="68--94",
  year=2016}

@inproceedings{mmi-dls-2015,
  author="Andre Murbach Maidl and Fabio Mascarenhas and Roberto Ierusalimschy",
  title={A Formalization of {Typed Lua}},
  booktitle=dls,
  pages="13--25",
  year=2015}

@inproceedings{rtsf-sac-2013,
  author="Brianna M. Ren and John Toman and T. Stephen Strickland and Jeffrey S. Foster",
  title={The {Ruby} Type Checker},
  booktitle=sac,
  pages="1565--1572",
  year=2013}

@inproceedings{tst-esop-2013,
  author="Asumu Takikawa and T. Stephen Strickland and Sam Tobin-Hochstadt",
  title="Constraining Delimited Control with Contracts",
  booktitle=esop,
  pages="{229--248}",
  year=2013}

@inproceedings{tsdtf-oopsla-2012,
  author="Asumu Takikawa and T. Stephen Strickland and Christos Dimoulas and Sam Tobin-Hochstadt and Matthias Felleisen",
  title="Gradual Typing for First-Class Classes",
  booktitle=oopsla,
  pages="793--810",
  year=2012}

@inproceedings{stf-oopsla-2012,
  author={St-Amour, Vincent and Tobin-Hochstadt, Sam and Felleisen, Matthias},
  title={Optimization Coaching: Optimizers Learn to Communicate with Programmers},
  booktitle=oopsla,
  pages={163--178},
  year=2012
}

@inproceedings{dfff-popl-2011,
  author="Christos Dimoulas and Robert Bruce Findler and Cormac Flanagan and Matthias Felleisen",
  title="Correct Blame for Contracts: No More Scapegoating",
  booktitle=popl,
  pages="215--226",
  year=2011}

@inproceedings{dtf-esop-2012,
  author="Christos Dimoulas and Sam Tobin-Hochstadt and Matthias Felleisen",
  title="Complete Monitors for Behavioral Contracts",
  booktitle=esop,
  pages="214--233",
  year=2012}

@inproceedings{tfdfftf-ecoop-2015,
  author="Asumu Takikawa and Daniel Feltey and Earl Dean and Robert Bruce Findler and Matthew Flatt and Sam Tobin-Hochstadt and Matthias Felleisen",
  title="Towards Practical Gradual Typing",
  booktitle=ecoop,
  pages="4--27",
  year=2015}

@inproceedings{vksb-dls-2014,
  author="Michael M. Vitousek and Andrew Kent and Jeremy G. Siek and Jim Baker",
  title={Design and Evaluation of Gradual Typing for {Python}},
  booktitle=dls,
  pages="45--56",
  year={2014}
}

@inproceedings{vm-ecoop-2013,
  title={Trustworthy proxies},
  author={Van Cutsem, Tom and Miller, Mark S},
  booktitle=ecoop,
  pages={154--178},
  year={2013}
}

@inproceedings{svcb-snapl-2015,
  author={Jeremy G. Siek and Michael M. Vitousek and Matteo Cimini and John Tang Boyland},
  title="Refined Criteria for Gradual Typing",
  booktitle=snapl,
  pages="274--293",
  year=2015}

@inproceedings{wnlov-popl-2010,
  author="Tobias Wrigstad and Zappa Nardelli, Francesco and Sylvain Lebresne and Johan Ostlund and Jan Vitek",
  title="Integrating Typed and Untyped Code in a Scripting Language",
  booktitle=popl,
  pages="377--388",
  year=2010}

@article{mt-oopsla-2017,
  author="Fabian Muehlboeck and Ross Tate",
  title="Sound Gradual Typing is Nominally Alive and Well",
  journal=pacmpl,
  volume={1},
  number=oopsla,
  pages="56:1--56:30",
  year={2017}
}

@article{mt-oopsla-2021,
  author={Fabian Muehlboeck and Ross Tate},
  title={Transitioning from Structural to Nominal Code with Efficient Gradual Typing},
  journal=pacmpl,
  volume={5},
  number=oopsla,
  pages="127:1--127:29",
  year={2021}
}

@article{wmw-oopsla-2018,
  author={Williams, Jack and Morris, J. Garrett and Wadler, Philip},
  title={The Root Cause of Blame: Contracts for Intersection and Union Types},
  journal=pacmpl,
  volume={2},
  number=oopsla,
  pages="134:1--134:29",
  year={2018}
}

@inproceedings{rzv-ecoop-2015,
  title={Concrete Types for {TypeScript}},
  author={Gregor Richards and Zappa Nardelli, Francesco and Jan Vitek},
  booktitle=ecoop,
  pages={76--100},
  year=2015
}

@article{rat-oopsla-2017,
  author={Gregor Richards and Ellen Arteca and Alexi Turcotte},
  title="The VM Already Knew That: Leveraging Compile-Time Knowledge to Optimize Gradual Typing",
  journal=pacmpl,
  volume={1},
  number=oopsla,
  pages="55:1--55:27",
  year={2017}
}

@article{cvgrl-oopsla-2017,
  author={Avik Chaudhuri and Panagiotis Vekris and Sam Goldman and Marshall Roch and Gabriel Levy},
  title={Fast and Precise Type Checking for {JavaScript}},
  journal=pacmpl,
  volume={1},
  number=oopsla,
  pages="56:1--56:30",
  year={2017}
}

@article{gf-icfp-2018,
  author={Greenman, Ben and Felleisen, Matthias},
  title={A Spectrum of Type Soundness and Performance},
  journal=pacmpl,
  volume={2},
  number=icfp,
  pages={71:1--71:32},
  year=2018
}

@article{ccw-icfp-2018,
  author={Campora, John Peter and Sheng Chen and Eric Walkingshaw},
  title={Casts and Costs: Harmonizing Safety and Performance in Gradual Typing},
  journal=pacmpl,
  volume={2},
  number=icfp,
  pages={98:1--98:30},
  year={2018}
}

@inproceedings{clzv-ecoop-2018,
  author="Benjamin W. Chung and Paley Li and Zappa Nardelli, Francesco and Jan Vitek",
  title="{KafKa}: Gradual Typing for Objects",
  booktitle=ecoop,
  pages="12:1--12:23",
  year=2018}

@article{m-jcss-1978,
  author="Robin Milner",
  title="A Theory of Type Polymorphism in Programming",
  journal=jcss,
  pages="348--375",
  number=3,
  volume=17,
  year=1978
}

@inproceedings{gm-pepm-2018,
  author={Greenman, Ben and Migeed, Zeina},
  title={On the Cost of Type-Tag Soundness},
  booktitle=pepm,
  pages={30--39},
  year=2018}
%  doi={https://doi.org/10.1145/3162066}

@inproceedings{pqk-onward-2012,
  title={Progressive Types},
  author={Joe Gibbs Politz and Quay-de la Vallee, Hannah and Shriram Krishnamurthi},
  booktitle=onward,
  pages={55--66},
  year={2012}
}

@inproceedings{vsc-dls-2019,
  author={Vitousek, Michael M. and Siek, Jeremy G. and Chaudhuri, Avik},
  title={Optimizing and Evaluating Transient Gradual Typing},
  booktitle=dls,
  pages={28--41},
  year={2019}
}

@inproceedings{pmmwplck-oopsla-2013,
  author    = {Joe Gibbs Politz and Alejandro Martinez and Matthew Milano and Sumner Warren and Daniel Patterson and Junsong Li and Anand Chitipothu and Shriram Krishnamurthi},
  title     = {Python: the Full Monty},
  booktitle = oopsla,
  pages     = {217--232},
  year      = {2013}
}

@article{bbst-oopsla-2017,
 author = {Bauman, Spenser and Bolz-Tereick, Carl Friedrich and Siek, Jeremy and Tobin-Hochstadt, Sam},
 title = {Sound Gradual Typing: {o}nly Mostly Dead},
 journal = pacmpl,
 volume = {1},
 number = oopsla,
 pages = {54:1--54:24},
 year=2017
}

@inproceedings{rhbv-ecoop-2011,
  author    = {Gregor Richards and Christian Hammer and Brian Burg and Jan Vitek},
  title     = {The Eval That Men Do - {A} Large-Scale Study of the Use of Eval in JavaScript Applications},
  booktitle = ecoop,
  volume    = {6813},
  pages     = {52--78},
  year      = {2011},
  doi       = {10.1007/978-3-642-22655-7_4}
}

@article{gdkkv-oopsla-2021,
  author    = {Aviral Goel and Pierre Donat{-}Bouillud and Filip Krikava and Christoph M. Kirsch and Jan Vitek},
  title     = {What we eval in the shadows: a large-scale study of eval in {R} programs},
  journal   = pacmpl,
  volume    = {5},
  number    = oopsla,
  pages     = {1--23},
  year      = {2021},
  doi       = {10.1145/3485502}
}

@inproceedings{mrmv-esop-2012,
  author    = {Fadi Meawad and Gregor Richards and Flor{\'{e}}al Morandat and Jan Vitek},
  title     = {Eval begone!: semi-automated removal of eval from javascript programs},
  booktitle = oopsla,
  pages     = {607--620},
  year      = {2012},
  doi       = {10.1145/2384616.2384660}
}

@inproceedings{fkf-popl-1998,
  author    = {Matthew Flatt and Shriram Krishnamurthi and Matthias Felleisen},
  title     = {Classes and Mixins},
  booktitle = popl,
  pages     = {171--183},
  year      = {1998},
  doi       = {10.1145/268946.268961}
}

@inproceedings{bc-oopsla-1990,
  author    = {Gilad Bracha and William R. Cook},
  title     = {Mixin-based Inheritance},
  booktitle = oopsla,
  pages     = {303--311},
  year      = {1990},
  doi       = {10.1145/97945.97982}
}

@inproceedings{wzlov-popl-2010,
  author="Tobias Wrigstad and Zappa Nardelli, Francesco and Sylvain Lebresne and Johan {\" O}stlund and Jan Vitek",
  title="Integrating Typed and Untyped Code in a Scripting Language",
  booktitle=popl,
  pages="377--388",
  year=2010
}

@inproceedings{rsfbv-popl-2015,
  title={Safe \& Efficient Gradual Typing for {TypeScript}},
  author={Aseem Rastogi and Nikhil Swamy and C{\'e}dric Fournet and Gavin Bierman and Panagiotis Vekris},
  booktitle=popl,
  pages={167--180},
  year=2015
}

@inproceedings{tf-icfp-2010,
  author = {Tobin-Hochstadt, Sam and Felleisen, Matthias},
  title = {Logical Types for Untyped Languages},
  booktitle = icfp,
  pages = {117--128},
    doi       = {10.1145/1863543.1863561},
year = {2010}
}

@inproceedings{gsk-esop-2011,
  author    = {Arjun Guha and Claudiu Saftoiu and Shriram Krishnamurthi},
  title     = {Typing Local Control and State Using Flow Analysis},
  booktitle = esop,
  pages     = {256--275},
  doi       = {10.1007/978-3-642-19718-5\_14},
  year      = {2011}
}

@inproceedings{gsk-ecoop-2010,
  author    = {Arjun Guha and Claudiu Saftoiu and Shriram Krishnamurthi},
  title     = {The Essence of JavaScript},
  booktitle = ecoop,
  volume    = {6183},
  pages     = {126--150},
  doi       = {10.1007/978-3-642-14107-2\_7},
  year      = {2010}
}

@inproceedings{tfgnvf-popl-2016,
  author={Asumu Takikawa and Daniel Feltey and Ben Greenman and Max S. New and Jan Vitek and Matthias Felleisen},
  title={Is Sound Gradual Typing Dead?},
  booktitle=popl,
  pages={456--468},
  year=2016
}

@article{gtnffvf-jfp-2019,
  author={Greenman, Ben and Takikawa, Asumu and New, Max S. and Feltey, Daniel and Findler, Robert Bruce and Vitek, Jan and Felleisen, Matthias},
  title={How to Evaluate the Performance of Gradual Type Systems},
  journal=jfp,
  volume={29},
  number={e4},
  year={2019},
  pages={1--45}
}

@article{clps-popl-2019,
  author={Guiseppe Castagna and Victor Lanvin and Tommaso Petrucciani and Siek, Jeremy G.},
  title={Gradual Typing: A New Perspective},
  journal=pacmpl,
  volume={3},
  number=popl,
  pages={16:1--16:32},
  year={2019}
}

@inproceedings{kcdeffmrtf-popl-2012,
  author    = {Casey Klein and John Clements and Christos Dimoulas and Carl Eastlund and Matthias Felleisen and Matthew Flatt and Jay A. McCarthy and Jon Rafkind and Sam Tobin{-}Hochstadt and Robert Bruce Findler},
  title     = {Run your Research: On the Effectiveness of Lightweight Mechanization},
  booktitle = popl,
  pages     = {285--296},
  doi       = {10.1145/2103656.2103691},
  year      = {2012}
}

@inproceedings{g-icfp-2013,
  author    = {Ronald Garcia},
  title     = {Calculating Threesomes, with Blame},
  booktitle = icfp,
  pages     = {417--428},
  doi       = {10.1145/2500365.2500603},
  year      = {2013}
}

@inproceedings{sv-dls-2008,
  author    = {Jeremy G. Siek and Manish Vachharajani},
  title     = {Gradual typing with unification-based inference},
  booktitle = dls,
  pages     = {7},
  doi       = {10.1145/1408681.1408688},
  year      = {2008}
}

@online{jspp,
  author={{Onux} Corporation},
  title={{JS++} Language Reference},
  url={https://docs.onux.com/en-US/Developers/JavaScript-PP/Language/Reference},
  note={Accessed 2022-01-09}
}

@online{twitter-scala,
  author={Bill Venners},
  title={{Twitter} on {Scala}},
  url={https://artima.com/scalazine/articles/twitter\_on\_scala.html},
  note={Accessed 2022-01-12}
}

@online{dropbox-rust,
  author={Sujay Jayakar},
  title={Rewriting the heart of our sync engine},
  url={https://dropbox.tech/infrastructure/rewriting-the-heart-of-our-sync-engine},
  note={Accessed 2022-01-12}
}

@online{typeshed,
  author={Python Contributors},
  title={Typeshed},
  url={https://github.com/python/typeshed},
  note={Accessed 2022-01-15}
}

@online{mypy,
  author={Mypy Team},
  title={Mypy Language},
  url={http://www.mypy-lang.org},
  note={Accessed 2022-01-15}
}

@online{mypyc,
  author={Mypyc Team},
  title={Mypyc Language},
  url={https://github.com/mypyc/mypyc},
  note={Accessed 2022-01-27}
}

@online{pyright,
  author={Microsoft},
  title={Pyright Language},
  url={https://github.com/Microsoft/pyright},
  note={Accessed 2022-01-24}
}

@online{pytype,
  author={Google},
  title={Pytype Language},
  url={https://pypi.org/project/pytype},
  note={Accessed 2022-01-15}
}

@online{hack,
  author={Meta},
  title={Hack Language},
  url={https://hacklang.org},
  note={Accessed 2022-01-15}
}

@online{pyre,
  author={Meta},
  title={Pyre Language},
  url={https://pyre-check.org},
  note={Accessed 2022-01-15}
}

@online{pep484,
  author={{van Rossum}, Guido and Jukka Lehtosalo and \L{}ukasz Langa},
  title={{PEP 484} Type Hints},
  url={https://www.python.org/dev/peps/pep-0484},
  note={Accessed 2022-01-15}
}

@online{pep544,
  author={Ivan Levkivskyi and Jukka Lehtosalo and \L{}ukasz Langa},
  title={{PEP 544} Protocols: Structural Subtyping},
  url={https://www.python.org/dev/peps/pep-0544/},
  note={Accessed 2022-01-25}
}

@online{dart-types,
  title={The {Dart} type system},
  author={Dart Team},
  url={https://dart.dev/guides/language/type-system},
  note={Accessed 2022-01-15}
}

@techreport{kf-sfp-2009,
  title={Randomized Testing in {PLT Redex}},
  author={Casey Klein and Findler, Robert Bruce},
  institution={Cal Poly State University},
  number={CPSLO-CSC-09-03},
  year={2009}
}

@inproceedings{bmt-ecoop-2010,
  author={Gavin Bierman and Erik Meijer and Mads Torgersen},
  title={Adding Dynamic Types to {C\#}},
  booktitle=ecoop,
  pages={76--100},
  year=2010
}

@inproceedings{rch-popl-2012,
  author    = {Aseem Rastogi and Avik Chaudhuri and Basil Hosmer},
  title     = {The ins and outs of gradual type inference},
  booktitle = popl,
  pages     = {481--494},
  year      = {2012}
}

@inproceedings{kas-pldi-2019,
  author={Andre Kuhlenschmidt and Deyaaeldeen Almahallawi and Siek, Jeremy G.},
  title={Toward Efficient Gradual Typing for Structural Types via Coercions},
  booktitle=pldi,
  pages={517--532},
  year={2019}
}

@article{fgsfs-oopsla-2018,
 author = {Daniel Feltey and Ben Greenman and Christophe Scholliers and Robert Bruce Findler and Vincent St-Amour},
 title = {Collapsible Contracts: Fixing a Pathology of Gradual Typing},
 journal = pacmpl,
 volume = {2},
 number = oopsla,
 pages = {133:1--133:27},
 year={2018}
}

@article{glfd-pj-2022,
  author={Ben Greenman and Lukas Lazarek and Christos Dimoulas and Matthias Felleisen},
  title={A Transient Semantics for {Typed Racket}},
  journal={Programming},
  volume={6},
  number={2},
  pages={9:1--9:26},
  year={2022}
}

@article{gi-scp-2020,
  author    = {Gualandi, Hugo Musso and Roberto Ierusalimschy},
  title     = {{Pallene}: a companion language for {Lua}},
  journal = scp,
  volume = {189},
  number = {102393},
  pages     = {1--15},
  year      = {2020}
}

@article{nla-popl-2019,
  author={New, Max S. and Licata, Daniel R. and Ahmed, Amal},
  title={Gradual Type Theory},
  journal=pacmpl,
  volume={3},
  number=popl,
  pages={15:1--15:31},
  year=2019
}

@article{sgt-jfp-2016,
  author    = {Felipe Ba{\~{n}}ados Schwerter and Ronald Garcia and {\'{E}}ric Tanter},
  title     = {Gradual Type-and-Effect Systems},
  journal   = jfp,
  volume    = {26},
  pages     = {e19},
  doi       = {10.1017/S0956796816000162},
  year      = {2016}
}

@inproceedings{rmhn-ecoop-2019,
  author={Richard Roberts and Stefan Marr and Michael Homer and James Noble},
  title={Transient Typechecks are (Almost) Free},
  booktitle=ecoop,
  pages="15:1--15:29",
  year=2019
}

@inproceedings{grmhn-vmil-2019,
  title = {Which of My Transient Type Checks Are Not (Almost) Free?},
  author = {Gariano, Isaac Oscar and Roberts, Richard and Marr, Stefan and Homer, Michael and Noble, James},
  booktitle = vmil,
  pages = {58--66},
  year = {2019}
}

@inproceedings{mms-dls-2016,
 author = {Mezzetti, Gianluca and M{\o}ller, Anders and Strocco, Fabio},
 title = {Type Unsoundness in Practice: An Empirical Study of Dart},
 booktitle = dls,
 pages={13--24},
 year = {2016},
} 

@article{mgt-oopsla-2021,
  author    = {Stefan Malewski and Michael Greenberg and {\'{E}}ric Tanter},
  title     = {Gradually Structured Data},
  journal   = pacmpl,
  volume    = {5},
  number    = {{OOPSLA}},
  pages     = {1--29},
  doi       = {10.1145/3485503},
  year      = {2021}
}

@inproceedings{gclpk-dls-2012,
  author    = {Joe Gibbs Politz and
               Matthew J. Carroll and
               Benjamin S. Lerner and
               Justin Pombrio and
               Shriram Krishnamurthi},
  title     = {A Tested Semantics for Getters, Setters, and Eval in {JavaScript}},
  booktitle = dls,
  pages     = {1--16},
  doi       = {10.1145/2384577.2384579},
  year      = {2012}
}

@inproceedings{bcfgmnss-popl-2014,
  author    = {Martin Bodin and
               Arthur Chargu{\'{e}}raud and
               Daniele Filaretti and
               Philippa Gardner and
               Sergio Maffeis and
               Daiva Naudziuniene and
               Alan Schmitt and
               Gareth Smith},
  title     = {A Trusted Mechanised {JavaScript} Specification},
  booktitle = popl,
  pages     = {87--100},
  doi       = {10.1145/2535838.2535876},
  year      = {2014}
}

@inproceedings{ngtw-osdi-2020,
  author    = {Luke Nelson and Jacob Van Geffen and Emina Torlak and Xi Wang},
  title     = {Specification and verification in the field: Applying formal methods to {BPF} just-in-time compilers in the Linux kernel},
  booktitle = {14th {USENIX} Symposium on Operating Systems Design and Implementation, {OSDI} 2020, Virtual Event, November 4-6, 2020},
  pages     = {41--61},
  publisher = {{USENIX} Association},
  url       = {https://www.usenix.org/conference/osdi20/presentation/nelson},
  year      = {2020}
}

@inproceedings{fgpssmds-popl-2016,
  author    = {Shaked Flur and Kathryn E. Gray and Christopher Pulte and Susmit Sarkar and Ali Sezgin and Luc Maranget and Will Deacon and Peter Sewell},
  title     = {Modelling the {ARMv8} Architecture, Operationally: Concurrency and {ISA}},
  booktitle = popl,
  pages     = {608--621},
  doi       = {10.1145/2837614.2837615},
  year      = {2016}
}

@inproceedings{bfnorsvw-oopsla-2009,
  title={{T}horn: Robust, Concurrent, Extensible Scripting on the {JVM}},
  author={Bard Bloom and John Field and Nathaniel Nystrom and
          Johan {\" O}stlund and Gregor Richards and Rok Strni{\v s}a and
          Jan Vitek and Tobias Wrigstad},
  booktitle=oopsla,
  year={2009}
}

